%YAML 1.1
%TAG !u! tag:unity3d.com,2011:
--- !u!1 &1044028992688141940
GameObject:
  m_ObjectHideFlags: 0
  m_CorrespondingSourceObject: {fileID: 0}
  m_PrefabInstance: {fileID: 0}
  m_PrefabAsset: {fileID: 0}
  serializedVersion: 6
  m_Component:
  - component: {fileID: 2873932724970392358}
  - component: {fileID: 2324887938112189146}
  - component: {fileID: 5949593740619872973}
  m_Layer: 0
  m_Name: Z25 Terror
  m_TagString: Untagged
  m_Icon: {fileID: 0}
  m_NavMeshLayer: 0
  m_StaticEditorFlags: 0
  m_IsActive: 1
--- !u!4 &2873932724970392358
Transform:
  m_ObjectHideFlags: 0
  m_CorrespondingSourceObject: {fileID: 0}
  m_PrefabInstance: {fileID: 0}
  m_PrefabAsset: {fileID: 0}
  m_GameObject: {fileID: 1044028992688141940}
  m_LocalRotation: {x: 0, y: 0, z: 0, w: 1}
  m_LocalPosition: {x: -0.581, y: 0.331, z: 2.711}
  m_LocalScale: {x: 1, y: 1, z: 1}
  m_Children:
  - {fileID: 3557126500279664449}
  - {fileID: 2111000779248341267}
  m_Father: {fileID: 0}
  m_RootOrder: 0
  m_LocalEulerAnglesHint: {x: 0, y: 0, z: 0}
--- !u!114 &2324887938112189146
MonoBehaviour:
  m_ObjectHideFlags: 0
  m_CorrespondingSourceObject: {fileID: 0}
  m_PrefabInstance: {fileID: 0}
  m_PrefabAsset: {fileID: 0}
  m_GameObject: {fileID: 1044028992688141940}
  m_Enabled: 1
  m_EditorHideFlags: 0
  m_Script: {fileID: 11500000, guid: 18284a7d607a5a5449d1f78fe2cd2a3c, type: 3}
  m_Name: 
  m_EditorClassIdentifier: 
  heroRotatePoint: {fileID: 2873932724970392358}
  heroTurnSpeed: 10
  enemyTag: Enemy
  Firepoint: {fileID: 7574707639230379422}
  UseLaser: 1
  RenderLaser: {fileID: 5949593740619872973}
  LaserEffect: {fileID: 2111000779248341266}
  LaserLight: {fileID: 1815081802871608284}
  bulletPrefab: {fileID: 0}
  hero:
    Name: 
    HeroName: 0
    Prefab: {fileID: 0}
    EvoPrefab: {fileID: 0}
    ElementType: 0
    IsHero: 0
    IsBuilt: 0
    IsEvo: 0
    DamageOverTime: 0
    SlowPercent: 0.5
    Level: 0
    BulletSpeed: 20
    AttackDamage: 0
    AttackSpeed: 0
    AttackRange: 0
    AoeRange: 0
    UpgradeCost: 0
    HeroCostAmount: 0
--- !u!120 &5949593740619872973
LineRenderer:
  m_ObjectHideFlags: 0
  m_CorrespondingSourceObject: {fileID: 0}
  m_PrefabInstance: {fileID: 0}
  m_PrefabAsset: {fileID: 0}
  m_GameObject: {fileID: 1044028992688141940}
  m_Enabled: 1
  m_CastShadows: 1
  m_ReceiveShadows: 1
  m_DynamicOccludee: 1
  m_MotionVectors: 0
  m_LightProbeUsage: 0
  m_ReflectionProbeUsage: 0
  m_RayTracingMode: 0
  m_RayTraceProcedural: 0
  m_RenderingLayerMask: 1
  m_RendererPriority: 0
  m_Materials:
  - {fileID: 2100000, guid: 6e8014efb2dde20458236c515d1f1bdf, type: 2}
  m_StaticBatchInfo:
    firstSubMesh: 0
    subMeshCount: 0
  m_StaticBatchRoot: {fileID: 0}
  m_ProbeAnchor: {fileID: 0}
  m_LightProbeVolumeOverride: {fileID: 0}
  m_ScaleInLightmap: 1
  m_ReceiveGI: 1
  m_PreserveUVs: 0
  m_IgnoreNormalsForChartDetection: 0
  m_ImportantGI: 0
  m_StitchLightmapSeams: 1
  m_SelectedEditorRenderState: 3
  m_MinimumChartSize: 4
  m_AutoUVMaxDistance: 0.5
  m_AutoUVMaxAngle: 89
  m_LightmapParameters: {fileID: 0}
  m_SortingLayerID: 0
  m_SortingLayer: 0
  m_SortingOrder: 0
  m_Positions:
  - {x: 0, y: 0.5, z: 0}
  - {x: 0, y: 0.5, z: 2}
  m_Parameters:
    serializedVersion: 3
    widthMultiplier: 1
    widthCurve:
      serializedVersion: 2
      m_Curve:
      - serializedVersion: 3
        time: 0.45703125
        value: 0.05507514
        inSlope: 0
        outSlope: 0
        tangentMode: 0
        weightedMode: 0
        inWeight: 0.33333334
        outWeight: 0.33333334
      m_PreInfinity: 2
      m_PostInfinity: 2
      m_RotationOrder: 4
    colorGradient:
      serializedVersion: 2
      key0: {r: 0.9150943, g: 0.39654475, b: 0.09064613, a: 0.75686276}
      key1: {r: 1, g: 1, b: 1, a: 0.84313726}
      key2: {r: 1, g: 1, b: 1, a: 0}
      key3: {r: 0, g: 0, b: 0, a: 0}
      key4: {r: 0, g: 0, b: 0, a: 0}
      key5: {r: 0, g: 0, b: 0, a: 0}
      key6: {r: 0, g: 0, b: 0, a: 0}
      key7: {r: 0, g: 0, b: 0, a: 0}
      ctime0: 0
      ctime1: 65535
      ctime2: 65535
      ctime3: 0
      ctime4: 0
      ctime5: 0
      ctime6: 0
      ctime7: 0
      atime0: 0
      atime1: 65535
      atime2: 0
      atime3: 0
      atime4: 0
      atime5: 0
      atime6: 0
      atime7: 0
      m_Mode: 0
      m_NumColorKeys: 2
      m_NumAlphaKeys: 2
    numCornerVertices: 0
    numCapVertices: 0
    alignment: 0
    textureMode: 0
    shadowBias: 0.5
    generateLightingData: 0
  m_UseWorldSpace: 1
  m_Loop: 0
--- !u!1 &4185712227245647355
GameObject:
  m_ObjectHideFlags: 0
  m_CorrespondingSourceObject: {fileID: 0}
  m_PrefabInstance: {fileID: 0}
  m_PrefabAsset: {fileID: 0}
  serializedVersion: 6
  m_Component:
  - component: {fileID: 3557126500279664449}
  - component: {fileID: 500647371907215588}
  - component: {fileID: 2384197953864844334}
  m_Layer: 0
  m_Name: Z25 Terror
  m_TagString: Untagged
  m_Icon: {fileID: 0}
  m_NavMeshLayer: 0
  m_StaticEditorFlags: 0
  m_IsActive: 1
--- !u!4 &3557126500279664449
Transform:
  m_ObjectHideFlags: 0
  m_CorrespondingSourceObject: {fileID: 0}
  m_PrefabInstance: {fileID: 0}
  m_PrefabAsset: {fileID: 0}
  m_GameObject: {fileID: 4185712227245647355}
  m_LocalRotation: {x: -0.7071068, y: -0, z: 0.000000021073426, w: 0.7071068}
  m_LocalPosition: {x: 0, y: -0.005, z: 0}
  m_LocalScale: {x: 2.889358, y: 2.8893585, z: 2.8893585}
  m_Children:
  - {fileID: 7574707639230379422}
  m_Father: {fileID: 2873932724970392358}
  m_RootOrder: 0
  m_LocalEulerAnglesHint: {x: 0, y: 0, z: 0}
--- !u!33 &500647371907215588
MeshFilter:
  m_ObjectHideFlags: 0
  m_CorrespondingSourceObject: {fileID: 0}
  m_PrefabInstance: {fileID: 0}
  m_PrefabAsset: {fileID: 0}
  m_GameObject: {fileID: 4185712227245647355}
  m_Mesh: {fileID: 7411972968139945466, guid: 2cb87a33df5c3c849a9ef043a2b719ce, type: 3}
--- !u!23 &2384197953864844334
MeshRenderer:
  m_ObjectHideFlags: 0
  m_CorrespondingSourceObject: {fileID: 0}
  m_PrefabInstance: {fileID: 0}
  m_PrefabAsset: {fileID: 0}
  m_GameObject: {fileID: 4185712227245647355}
  m_Enabled: 1
  m_CastShadows: 1
  m_ReceiveShadows: 1
  m_DynamicOccludee: 1
  m_MotionVectors: 1
  m_LightProbeUsage: 1
  m_ReflectionProbeUsage: 1
  m_RayTracingMode: 2
  m_RayTraceProcedural: 0
  m_RenderingLayerMask: 1
  m_RendererPriority: 0
  m_Materials:
  - {fileID: 2100000, guid: 937198bf82b9aef4cbc1af2e04d25cfa, type: 2}
  m_StaticBatchInfo:
    firstSubMesh: 0
    subMeshCount: 0
  m_StaticBatchRoot: {fileID: 0}
  m_ProbeAnchor: {fileID: 0}
  m_LightProbeVolumeOverride: {fileID: 0}
  m_ScaleInLightmap: 1
  m_ReceiveGI: 1
  m_PreserveUVs: 0
  m_IgnoreNormalsForChartDetection: 0
  m_ImportantGI: 0
  m_StitchLightmapSeams: 1
  m_SelectedEditorRenderState: 3
  m_MinimumChartSize: 4
  m_AutoUVMaxDistance: 0.5
  m_AutoUVMaxAngle: 89
  m_LightmapParameters: {fileID: 0}
  m_SortingLayerID: 0
  m_SortingLayer: 0
  m_SortingOrder: 0
  m_AdditionalVertexStreams: {fileID: 0}
--- !u!1 &8918493707233705873
GameObject:
  m_ObjectHideFlags: 0
  m_CorrespondingSourceObject: {fileID: 0}
  m_PrefabInstance: {fileID: 0}
  m_PrefabAsset: {fileID: 0}
  serializedVersion: 6
  m_Component:
  - component: {fileID: 7574707639230379422}
  m_Layer: 0
  m_Name: FirePoint
  m_TagString: Untagged
  m_Icon: {fileID: 0}
  m_NavMeshLayer: 0
  m_StaticEditorFlags: 0
  m_IsActive: 1
--- !u!4 &7574707639230379422
Transform:
  m_ObjectHideFlags: 0
  m_CorrespondingSourceObject: {fileID: 0}
  m_PrefabInstance: {fileID: 0}
  m_PrefabAsset: {fileID: 0}
  m_GameObject: {fileID: 8918493707233705873}
  m_LocalRotation: {x: 0, y: 0, z: 0, w: 1}
  m_LocalPosition: {x: 0, y: -0, z: 0.2104}
  m_LocalScale: {x: 1, y: 1, z: 1}
  m_Children: []
  m_Father: {fileID: 3557126500279664449}
  m_RootOrder: 0
  m_LocalEulerAnglesHint: {x: 0, y: 0, z: 0}
--- !u!1001 &5717388440283611985
PrefabInstance:
  m_ObjectHideFlags: 0
  serializedVersion: 2
  m_Modification:
    m_TransformParent: {fileID: 2873932724970392358}
    m_Modifications:
    - target: {fileID: 5914341734106272322, guid: 0f2f9f1d20f13e34faced1f07b5ec1cc, type: 3}
      propertyPath: m_RootOrder
      value: 1
      objectReference: {fileID: 0}
    - target: {fileID: 5914341734106272322, guid: 0f2f9f1d20f13e34faced1f07b5ec1cc, type: 3}
      propertyPath: m_LocalPosition.x
      value: -0.196
      objectReference: {fileID: 0}
    - target: {fileID: 5914341734106272322, guid: 0f2f9f1d20f13e34faced1f07b5ec1cc, type: 3}
      propertyPath: m_LocalPosition.y
      value: 1.357
      objectReference: {fileID: 0}
    - target: {fileID: 5914341734106272322, guid: 0f2f9f1d20f13e34faced1f07b5ec1cc, type: 3}
      propertyPath: m_LocalPosition.z
      value: 1.096
      objectReference: {fileID: 0}
    - target: {fileID: 5914341734106272322, guid: 0f2f9f1d20f13e34faced1f07b5ec1cc, type: 3}
      propertyPath: m_LocalRotation.w
      value: 1
      objectReference: {fileID: 0}
    - target: {fileID: 5914341734106272322, guid: 0f2f9f1d20f13e34faced1f07b5ec1cc, type: 3}
      propertyPath: m_LocalRotation.x
      value: 0
      objectReference: {fileID: 0}
    - target: {fileID: 5914341734106272322, guid: 0f2f9f1d20f13e34faced1f07b5ec1cc, type: 3}
      propertyPath: m_LocalRotation.y
      value: 0
      objectReference: {fileID: 0}
    - target: {fileID: 5914341734106272322, guid: 0f2f9f1d20f13e34faced1f07b5ec1cc, type: 3}
      propertyPath: m_LocalRotation.z
      value: 0
      objectReference: {fileID: 0}
    - target: {fileID: 5914341734106272322, guid: 0f2f9f1d20f13e34faced1f07b5ec1cc, type: 3}
      propertyPath: m_LocalEulerAnglesHint.x
      value: 0
      objectReference: {fileID: 0}
    - target: {fileID: 5914341734106272322, guid: 0f2f9f1d20f13e34faced1f07b5ec1cc, type: 3}
      propertyPath: m_LocalEulerAnglesHint.y
      value: 0
      objectReference: {fileID: 0}
    - target: {fileID: 5914341734106272322, guid: 0f2f9f1d20f13e34faced1f07b5ec1cc, type: 3}
      propertyPath: m_LocalEulerAnglesHint.z
      value: 0
      objectReference: {fileID: 0}
    - target: {fileID: 5914341734106272323, guid: 0f2f9f1d20f13e34faced1f07b5ec1cc, type: 3}
      propertyPath: stopAction
      value: 0
      objectReference: {fileID: 0}
    - target: {fileID: 5914341734106272381, guid: 0f2f9f1d20f13e34faced1f07b5ec1cc, type: 3}
      propertyPath: m_Name
      value: Laser Effect
      objectReference: {fileID: 0}
    m_RemovedComponents: []
  m_SourcePrefab: {fileID: 100100000, guid: 0f2f9f1d20f13e34faced1f07b5ec1cc, type: 3}
--- !u!4 &2111000779248341267 stripped
Transform:
  m_CorrespondingSourceObject: {fileID: 5914341734106272322, guid: 0f2f9f1d20f13e34faced1f07b5ec1cc, type: 3}
  m_PrefabInstance: {fileID: 5717388440283611985}
  m_PrefabAsset: {fileID: 0}
--- !u!198 &2111000779248341266 stripped
ParticleSystem:
  m_CorrespondingSourceObject: {fileID: 5914341734106272323, guid: 0f2f9f1d20f13e34faced1f07b5ec1cc, type: 3}
  m_PrefabInstance: {fileID: 5717388440283611985}
  m_PrefabAsset: {fileID: 0}
--- !u!108 &1815081802871608284 stripped
Light:
  m_CorrespondingSourceObject: {fileID: 6226306984882704525, guid: 0f2f9f1d20f13e34faced1f07b5ec1cc, type: 3}
  m_PrefabInstance: {fileID: 5717388440283611985}
  m_PrefabAsset: {fileID: 0}
