%YAML 1.1
%TAG !u! tag:unity3d.com,2011:
--- !u!1 &1812008788022771955
GameObject:
  m_ObjectHideFlags: 0
  m_CorrespondingSourceObject: {fileID: 0}
  m_PrefabInstance: {fileID: 0}
  m_PrefabAsset: {fileID: 0}
  serializedVersion: 6
  m_Component:
  - component: {fileID: 2934781480001475929}
  - component: {fileID: 7760291708410478435}
  - component: {fileID: 480686968}
  m_Layer: 0
  m_Name: T-EP58 Interpid A
  m_TagString: Untagged
  m_Icon: {fileID: 0}
  m_NavMeshLayer: 0
  m_StaticEditorFlags: 0
  m_IsActive: 1
--- !u!4 &2934781480001475929
Transform:
  m_ObjectHideFlags: 0
  m_CorrespondingSourceObject: {fileID: 0}
  m_PrefabInstance: {fileID: 0}
  m_PrefabAsset: {fileID: 0}
  m_GameObject: {fileID: 1812008788022771955}
  m_LocalRotation: {x: 0, y: 0, z: 0, w: 1}
  m_LocalPosition: {x: -0.613, y: 0.335, z: 0.743}
  m_LocalScale: {x: 1, y: 1, z: 1}
  m_Children:
  - {fileID: 2116885058222804708}
  - {fileID: 9174687045842234167}
  - {fileID: 5487951608634308980}
  m_Father: {fileID: 0}
  m_RootOrder: 0
  m_LocalEulerAnglesHint: {x: 0, y: 0, z: 0}
--- !u!114 &7760291708410478435
MonoBehaviour:
  m_ObjectHideFlags: 0
  m_CorrespondingSourceObject: {fileID: 0}
  m_PrefabInstance: {fileID: 0}
  m_PrefabAsset: {fileID: 0}
  m_GameObject: {fileID: 1812008788022771955}
  m_Enabled: 1
  m_EditorHideFlags: 0
  m_Script: {fileID: 11500000, guid: 18284a7d607a5a5449d1f78fe2cd2a3c, type: 3}
  m_Name: 
  m_EditorClassIdentifier: 
  heroRotatePoint: {fileID: 9174687045842234167}
  heroTurnSpeed: 10
  enemyTag: Enemy
  Firepoint: {fileID: 6625528848364227818}
  UseLaser: 1
  RenderLaser: {fileID: 480686968}
  LaserEffect: {fileID: 5487951608634308981}
  LaserLight: {fileID: 5211405458475449275}
  bulletPrefab: {fileID: 0}
  hero:
    Name: 
    HeroName: 0
    Prefab: {fileID: 0}
    EvoPrefab: {fileID: 0}
    ElementType: 0
    IsHero: 0
    IsBuilt: 0
    IsEvo: 0
    Level: 0
    BulletSpeed: 20
    AttackDamage: 0
    AttackSpeed: 0
    AttackRange: 0
    AoeRange: 0
    UpgradeCost: 0
    HeroCostAmount: 0
--- !u!120 &480686968
LineRenderer:
  m_ObjectHideFlags: 0
  m_CorrespondingSourceObject: {fileID: 0}
  m_PrefabInstance: {fileID: 0}
  m_PrefabAsset: {fileID: 0}
  m_GameObject: {fileID: 1812008788022771955}
  m_Enabled: 1
  m_CastShadows: 1
  m_ReceiveShadows: 1
  m_DynamicOccludee: 1
  m_MotionVectors: 0
  m_LightProbeUsage: 0
  m_ReflectionProbeUsage: 0
  m_RayTracingMode: 0
  m_RayTraceProcedural: 0
  m_RenderingLayerMask: 1
  m_RendererPriority: 0
  m_Materials:
  - {fileID: 2100000, guid: 6e8014efb2dde20458236c515d1f1bdf, type: 2}
  m_StaticBatchInfo:
    firstSubMesh: 0
    subMeshCount: 0
  m_StaticBatchRoot: {fileID: 0}
  m_ProbeAnchor: {fileID: 0}
  m_LightProbeVolumeOverride: {fileID: 0}
  m_ScaleInLightmap: 1
  m_ReceiveGI: 1
  m_PreserveUVs: 0
  m_IgnoreNormalsForChartDetection: 0
  m_ImportantGI: 0
  m_StitchLightmapSeams: 1
  m_SelectedEditorRenderState: 3
  m_MinimumChartSize: 4
  m_AutoUVMaxDistance: 0.5
  m_AutoUVMaxAngle: 89
  m_LightmapParameters: {fileID: 0}
  m_SortingLayerID: 0
  m_SortingLayer: 0
  m_SortingOrder: 0
  m_Positions:
  - {x: 0, y: 0.5, z: 0}
  - {x: 0, y: 0.5, z: 2}
  m_Parameters:
    serializedVersion: 3
    widthMultiplier: 1
    widthCurve:
      serializedVersion: 2
      m_Curve:
      - serializedVersion: 3
        time: 0.45703125
        value: 0.05507514
        inSlope: 0
        outSlope: 0
        tangentMode: 0
        weightedMode: 0
        inWeight: 0.33333334
        outWeight: 0.33333334
      m_PreInfinity: 2
      m_PostInfinity: 2
      m_RotationOrder: 4
    colorGradient:
      serializedVersion: 2
      key0: {r: 0.13883947, g: 0.754717, b: 0.2958278, a: 0.6784314}
      key1: {r: 0, g: 0.9504378, b: 1, a: 0.95686275}
      key2: {r: 1, g: 1, b: 1, a: 0}
      key3: {r: 0, g: 0, b: 0, a: 0}
      key4: {r: 0, g: 0, b: 0, a: 0}
      key5: {r: 0, g: 0, b: 0, a: 0}
      key6: {r: 0, g: 0, b: 0, a: 0}
      key7: {r: 0, g: 0, b: 0, a: 0}
      ctime0: 0
      ctime1: 65150
      ctime2: 65535
      ctime3: 0
      ctime4: 0
      ctime5: 0
      ctime6: 0
      ctime7: 0
      atime0: 0
      atime1: 65535
      atime2: 0
      atime3: 0
      atime4: 0
      atime5: 0
      atime6: 0
      atime7: 0
      m_Mode: 0
      m_NumColorKeys: 2
      m_NumAlphaKeys: 2
    numCornerVertices: 0
    numCapVertices: 0
    alignment: 0
    textureMode: 0
    shadowBias: 0.5
    generateLightingData: 0
  m_UseWorldSpace: 1
  m_Loop: 0
--- !u!1 &3005354948746511680
GameObject:
  m_ObjectHideFlags: 0
  m_CorrespondingSourceObject: {fileID: 0}
  m_PrefabInstance: {fileID: 0}
  m_PrefabAsset: {fileID: 0}
  serializedVersion: 6
  m_Component:
  - component: {fileID: 2116885058222804708}
  - component: {fileID: 2386400051489659457}
  - component: {fileID: 5187944156443721213}
  m_Layer: 0
  m_Name: W410 Odin A
  m_TagString: Untagged
  m_Icon: {fileID: 0}
  m_NavMeshLayer: 0
  m_StaticEditorFlags: 0
  m_IsActive: 1
--- !u!4 &2116885058222804708
Transform:
  m_ObjectHideFlags: 0
  m_CorrespondingSourceObject: {fileID: 0}
  m_PrefabInstance: {fileID: 0}
  m_PrefabAsset: {fileID: 0}
  m_GameObject: {fileID: 3005354948746511680}
  m_LocalRotation: {x: -0.7071068, y: -0, z: 0.000000021073426, w: 0.7071068}
  m_LocalPosition: {x: -3.5784001, y: 0.58500004, z: -2.7282999}
  m_LocalScale: {x: 31.782017, y: 31.782032, z: 31.782032}
  m_Children: []
  m_Father: {fileID: 2934781480001475929}
  m_RootOrder: 0
  m_LocalEulerAnglesHint: {x: 0, y: 0, z: 0}
--- !u!33 &2386400051489659457
MeshFilter:
  m_ObjectHideFlags: 0
  m_CorrespondingSourceObject: {fileID: 0}
  m_PrefabInstance: {fileID: 0}
  m_PrefabAsset: {fileID: 0}
  m_GameObject: {fileID: 3005354948746511680}
  m_Mesh: {fileID: 8475193091959643890, guid: adcadcf1ab29cfc468f58df0a99ca5cb, type: 3}
--- !u!23 &5187944156443721213
MeshRenderer:
  m_ObjectHideFlags: 0
  m_CorrespondingSourceObject: {fileID: 0}
  m_PrefabInstance: {fileID: 0}
  m_PrefabAsset: {fileID: 0}
  m_GameObject: {fileID: 3005354948746511680}
  m_Enabled: 1
  m_CastShadows: 1
  m_ReceiveShadows: 1
  m_DynamicOccludee: 1
  m_MotionVectors: 1
  m_LightProbeUsage: 1
  m_ReflectionProbeUsage: 1
  m_RayTracingMode: 2
  m_RayTraceProcedural: 0
  m_RenderingLayerMask: 1
  m_RendererPriority: 0
  m_Materials:
  - {fileID: 2100000, guid: 17b985fb2747a1d469723abfca5950ba, type: 2}
  m_StaticBatchInfo:
    firstSubMesh: 0
    subMeshCount: 0
  m_StaticBatchRoot: {fileID: 0}
  m_ProbeAnchor: {fileID: 0}
  m_LightProbeVolumeOverride: {fileID: 0}
  m_ScaleInLightmap: 1
  m_ReceiveGI: 1
  m_PreserveUVs: 0
  m_IgnoreNormalsForChartDetection: 0
  m_ImportantGI: 0
  m_StitchLightmapSeams: 1
  m_SelectedEditorRenderState: 3
  m_MinimumChartSize: 4
  m_AutoUVMaxDistance: 0.5
  m_AutoUVMaxAngle: 89
  m_LightmapParameters: {fileID: 0}
  m_SortingLayerID: 0
  m_SortingLayer: 0
  m_SortingOrder: 0
  m_AdditionalVertexStreams: {fileID: 0}
--- !u!1 &3573207507493952957
GameObject:
  m_ObjectHideFlags: 0
  m_CorrespondingSourceObject: {fileID: 0}
  m_PrefabInstance: {fileID: 0}
  m_PrefabAsset: {fileID: 0}
  serializedVersion: 6
  m_Component:
  - component: {fileID: 9029560072960162500}
  - component: {fileID: 5294174579210444431}
  - component: {fileID: 5480227524962293634}
  m_Layer: 0
  m_Name: W410 Odin A Top
  m_TagString: Untagged
  m_Icon: {fileID: 0}
  m_NavMeshLayer: 0
  m_StaticEditorFlags: 0
  m_IsActive: 1
--- !u!4 &9029560072960162500
Transform:
  m_ObjectHideFlags: 0
  m_CorrespondingSourceObject: {fileID: 0}
  m_PrefabInstance: {fileID: 0}
  m_PrefabAsset: {fileID: 0}
  m_GameObject: {fileID: 3573207507493952957}
  m_LocalRotation: {x: -0.7071068, y: -0, z: -0, w: 0.7071068}
  m_LocalPosition: {x: -3.5904002, y: -0.047999978, z: -2.7382998}
  m_LocalScale: {x: 31.782017, y: 31.78204, z: 31.78204}
  m_Children:
  - {fileID: 6625528848364227818}
  m_Father: {fileID: 9174687045842234167}
  m_RootOrder: 0
  m_LocalEulerAnglesHint: {x: -90, y: 0, z: 0}
--- !u!33 &5294174579210444431
MeshFilter:
  m_ObjectHideFlags: 0
  m_CorrespondingSourceObject: {fileID: 0}
  m_PrefabInstance: {fileID: 0}
  m_PrefabAsset: {fileID: 0}
  m_GameObject: {fileID: 3573207507493952957}
  m_Mesh: {fileID: 3537034928279810684, guid: adcadcf1ab29cfc468f58df0a99ca5cb, type: 3}
--- !u!23 &5480227524962293634
MeshRenderer:
  m_ObjectHideFlags: 0
  m_CorrespondingSourceObject: {fileID: 0}
  m_PrefabInstance: {fileID: 0}
  m_PrefabAsset: {fileID: 0}
  m_GameObject: {fileID: 3573207507493952957}
  m_Enabled: 1
  m_CastShadows: 1
  m_ReceiveShadows: 1
  m_DynamicOccludee: 1
  m_MotionVectors: 1
  m_LightProbeUsage: 1
  m_ReflectionProbeUsage: 1
  m_RayTracingMode: 2
  m_RayTraceProcedural: 0
  m_RenderingLayerMask: 1
  m_RendererPriority: 0
  m_Materials:
  - {fileID: 2100000, guid: 17b985fb2747a1d469723abfca5950ba, type: 2}
  m_StaticBatchInfo:
    firstSubMesh: 0
    subMeshCount: 0
  m_StaticBatchRoot: {fileID: 0}
  m_ProbeAnchor: {fileID: 0}
  m_LightProbeVolumeOverride: {fileID: 0}
  m_ScaleInLightmap: 1
  m_ReceiveGI: 1
  m_PreserveUVs: 0
  m_IgnoreNormalsForChartDetection: 0
  m_ImportantGI: 0
  m_StitchLightmapSeams: 1
  m_SelectedEditorRenderState: 3
  m_MinimumChartSize: 4
  m_AutoUVMaxDistance: 0.5
  m_AutoUVMaxAngle: 89
  m_LightmapParameters: {fileID: 0}
  m_SortingLayerID: 0
  m_SortingLayer: 0
  m_SortingOrder: 0
  m_AdditionalVertexStreams: {fileID: 0}
--- !u!1 &3792106236447499109
GameObject:
  m_ObjectHideFlags: 0
  m_CorrespondingSourceObject: {fileID: 0}
  m_PrefabInstance: {fileID: 0}
  m_PrefabAsset: {fileID: 0}
  serializedVersion: 6
  m_Component:
  - component: {fileID: 9174687045842234167}
  m_Layer: 0
  m_Name: RotatePoint
  m_TagString: Untagged
  m_Icon: {fileID: 0}
  m_NavMeshLayer: 0
  m_StaticEditorFlags: 0
  m_IsActive: 1
--- !u!4 &9174687045842234167
Transform:
  m_ObjectHideFlags: 0
  m_CorrespondingSourceObject: {fileID: 0}
  m_PrefabInstance: {fileID: 0}
  m_PrefabAsset: {fileID: 0}
  m_GameObject: {fileID: 3792106236447499109}
  m_LocalRotation: {x: 0, y: 0, z: 0, w: 1}
  m_LocalPosition: {x: 0.012, y: 0.633, z: 0.01}
  m_LocalScale: {x: 1, y: 1, z: 1}
  m_Children:
  - {fileID: 9029560072960162500}
  m_Father: {fileID: 2934781480001475929}
  m_RootOrder: 1
  m_LocalEulerAnglesHint: {x: 0, y: 0, z: 0}
--- !u!1 &5737990460331187804
GameObject:
  m_ObjectHideFlags: 0
  m_CorrespondingSourceObject: {fileID: 0}
  m_PrefabInstance: {fileID: 0}
  m_PrefabAsset: {fileID: 0}
  serializedVersion: 6
  m_Component:
  - component: {fileID: 6625528848364227818}
  m_Layer: 0
  m_Name: FirePoint
  m_TagString: Untagged
  m_Icon: {fileID: 0}
  m_NavMeshLayer: 0
  m_StaticEditorFlags: 0
  m_IsActive: 1
--- !u!4 &6625528848364227818
Transform:
  m_ObjectHideFlags: 0
  m_CorrespondingSourceObject: {fileID: 0}
  m_PrefabInstance: {fileID: 0}
  m_PrefabAsset: {fileID: 0}
  m_GameObject: {fileID: 5737990460331187804}
  m_LocalRotation: {x: 0, y: 0, z: 0, w: 1}
  m_LocalPosition: {x: 0.1129, y: -0.0861, z: 0.0089}
  m_LocalScale: {x: 1, y: 1, z: 1}
  m_Children: []
  m_Father: {fileID: 9029560072960162500}
  m_RootOrder: 0
  m_LocalEulerAnglesHint: {x: 0, y: 0, z: 0}
--- !u!1001 &2178309082954492726
PrefabInstance:
  m_ObjectHideFlags: 0
  serializedVersion: 2
  m_Modification:
    m_TransformParent: {fileID: 2934781480001475929}
    m_Modifications:
    - target: {fileID: 5914341734106272322, guid: 0f2f9f1d20f13e34faced1f07b5ec1cc, type: 3}
      propertyPath: m_RootOrder
      value: 2
      objectReference: {fileID: 0}
    - target: {fileID: 5914341734106272322, guid: 0f2f9f1d20f13e34faced1f07b5ec1cc, type: 3}
      propertyPath: m_LocalPosition.x
      value: -0.99700004
      objectReference: {fileID: 0}
    - target: {fileID: 5914341734106272322, guid: 0f2f9f1d20f13e34faced1f07b5ec1cc, type: 3}
      propertyPath: m_LocalPosition.y
      value: 0.553
      objectReference: {fileID: 0}
    - target: {fileID: 5914341734106272322, guid: 0f2f9f1d20f13e34faced1f07b5ec1cc, type: 3}
      propertyPath: m_LocalPosition.z
      value: -1.252
      objectReference: {fileID: 0}
    - target: {fileID: 5914341734106272322, guid: 0f2f9f1d20f13e34faced1f07b5ec1cc, type: 3}
      propertyPath: m_LocalRotation.w
      value: 1
      objectReference: {fileID: 0}
    - target: {fileID: 5914341734106272322, guid: 0f2f9f1d20f13e34faced1f07b5ec1cc, type: 3}
      propertyPath: m_LocalRotation.x
      value: -0
      objectReference: {fileID: 0}
    - target: {fileID: 5914341734106272322, guid: 0f2f9f1d20f13e34faced1f07b5ec1cc, type: 3}
      propertyPath: m_LocalRotation.y
      value: -0
      objectReference: {fileID: 0}
    - target: {fileID: 5914341734106272322, guid: 0f2f9f1d20f13e34faced1f07b5ec1cc, type: 3}
      propertyPath: m_LocalRotation.z
      value: -0
      objectReference: {fileID: 0}
    - target: {fileID: 5914341734106272322, guid: 0f2f9f1d20f13e34faced1f07b5ec1cc, type: 3}
      propertyPath: m_LocalEulerAnglesHint.x
      value: 0
      objectReference: {fileID: 0}
    - target: {fileID: 5914341734106272322, guid: 0f2f9f1d20f13e34faced1f07b5ec1cc, type: 3}
      propertyPath: m_LocalEulerAnglesHint.y
      value: 0
      objectReference: {fileID: 0}
    - target: {fileID: 5914341734106272322, guid: 0f2f9f1d20f13e34faced1f07b5ec1cc, type: 3}
      propertyPath: m_LocalEulerAnglesHint.z
      value: 0
      objectReference: {fileID: 0}
    - target: {fileID: 5914341734106272323, guid: 0f2f9f1d20f13e34faced1f07b5ec1cc, type: 3}
      propertyPath: stopAction
      value: 0
      objectReference: {fileID: 0}
    - target: {fileID: 5914341734106272381, guid: 0f2f9f1d20f13e34faced1f07b5ec1cc, type: 3}
      propertyPath: m_Name
      value: LaserEffect
      objectReference: {fileID: 0}
    - target: {fileID: 6520039899896652383, guid: 0f2f9f1d20f13e34faced1f07b5ec1cc, type: 3}
      propertyPath: prewarm
      value: 1
      objectReference: {fileID: 0}
    m_RemovedComponents: []
  m_SourcePrefab: {fileID: 100100000, guid: 0f2f9f1d20f13e34faced1f07b5ec1cc, type: 3}
--- !u!4 &5487951608634308980 stripped
Transform:
  m_CorrespondingSourceObject: {fileID: 5914341734106272322, guid: 0f2f9f1d20f13e34faced1f07b5ec1cc, type: 3}
  m_PrefabInstance: {fileID: 2178309082954492726}
  m_PrefabAsset: {fileID: 0}
--- !u!198 &5487951608634308981 stripped
ParticleSystem:
  m_CorrespondingSourceObject: {fileID: 5914341734106272323, guid: 0f2f9f1d20f13e34faced1f07b5ec1cc, type: 3}
  m_PrefabInstance: {fileID: 2178309082954492726}
  m_PrefabAsset: {fileID: 0}
--- !u!108 &5211405458475449275 stripped
Light:
  m_CorrespondingSourceObject: {fileID: 6226306984882704525, guid: 0f2f9f1d20f13e34faced1f07b5ec1cc, type: 3}
  m_PrefabInstance: {fileID: 2178309082954492726}
  m_PrefabAsset: {fileID: 0}
